@article{Gallagher:2019:VEMP,
	author = {Gallagher, Maria and Dowsett, Ross and Ferr√®, Elisa Raffaella},
	title = {Vection in virtual reality modulates vestibular-evoked myogenic potentials},
	journal = {European Journal of Neuroscience},
	year = {2019},
	volume = {50},
	number = {10},
	pages = {3557-3565},
	keywords = {cybersickness, multisensory integration, vestibular processing, virtual reality},
	doi = {10.1111/ejn.14499},
}